001  0000292
005  20181024183200.109
008  181024s||||     bl|||||||||||||||||por|u
020    $a8587478273
040    $aPorto Alegre$bpor
080    $21987$a869.0(81)-31
090    $a869.0(81)-31$bO48t
100 1  $aOliveira, Rachel de
245 10 $aTramas da cor$benfrentamento o preconceito no dia-a-dia escola$cRachel de Oliveira
260    $aSão Paulo$bSelo Negro$c2005
300    $a110 p.
650    $aLiteratura
650    $aRacismo
650    $aRomance
